<?xml version="1.0" encoding="UTF-8"?><collection xmlns="http://www.loc.gov/MARC21/slim"><record><leader>00443nam--2200121-i-4500</leader><controlfield tag="001">000024419</controlfield><controlfield tag="002">20161230</controlfield><controlfield tag="005">20161230201035</controlfield><controlfield tag="008">060222s1000------------r-----000-0-eng-d</controlfield><datafield ind1=" " ind2=" " tag="245"><subfield code="a">High polymers. a series of monographs on the chemistry, physics and technology of high polimeric substances. vol.xvii: configurational statistics of polymeric chains</subfield></datafield><datafield ind1=" " ind2=" " tag="260"><subfield code="a">New York,, Interscience Publishers, 1963</subfield></datafield><datafield ind1=" " ind2=" " tag="700"><subfield code="a">Volkenstein, M.N</subfield></datafield><datafield ind1=" " ind2=" " tag="852"><subfield code="a">12280</subfield></datafield></record></collection>